@book{178948620180101,
Abstract = {Learn about cryptography and cryptocurrencies, so you can build highly secure, decentralized applications and conduct trusted in-app transactions.Key FeaturesGet to grips with the underlying technical principles and implementations of blockchainBuild powerful applications using Ethereum to secure transactions and create smart contractsExplore cryptography, mine cryptocurrencies, and solve scalability issues with this comprehensive guideBook DescriptionA blockchain is a distributed ledger that is replicated across multiple nodes and enables immutable, transparent and cryptographically secure record-keeping of transactions. The blockchain technology is the backbone of cryptocurrencies, and it has applications in finance, government, media and almost all other industries. Mastering Blockchain, Second Edition has been thoroughly updated and revised to provide a detailed description of this leading technology and its implementation in the real world. This book begins with the technical fou},
Author = {Imran, Bashir},
ISBN = {9781788839044},
Publisher = {Packt Publishing},
Title = {Mastering Blockchain : Distributed Ledger Technology, Decentralization, and Smart Contracts Explained, 2nd Edition.},
URL = {https://search.ebscohost.com/login.aspx?direct=true&db=e000xww&AN=1789486&lang=pt-br&site=eds-live&scope=site},
Year = {2018},
}
